@ARTICLE{Berthou2011,
title={Les mauvaises performances françaises à l’exportation: La compétitivité prix est-elle coupable ?},
author={Berthou, Antoine and Emlinger, Charlotte},
year=2011,
month=September,
journal={La lettre du CEPII},
number={313},
institution={CEPII},
url = {http://www2.cepii.fr/CEPII/fr/publications/lettre/abstract.asp?NoDoc=3694}
}


@Unpublished{Fontagne2013,
  author              = {Fontagné, Lionel and Hatte, Sophie},
  note                = {{working paper or preprint}},
  title               = {{European High-End Products in International Competition}},
  month               = Nov,
  year                = {2013},
  groups              = {Haute-couture compétitivité},
  hal_id              = {hal-00959394},
  hal_local_reference = {G-MonD Working Paper n{\textdegree}37},
  hal_version         = {v1},
  keywords            = {Unit values ; Market shares ; Product differentiation},
  pdf                 = {https://pse.hal.science/hal-00959394/file/wp37-gmond-europe-competition-nov2013.pdf},
  url                 = {https://pse.hal.science/hal-00959394},
}

@article{Martin2015,
title = {High-end variety exporters defying gravity: Micro facts and aggregate implications},
journal = {Journal of International Economics},
volume = {96},
number = {1},
pages = {55-71},
year = {2015},
issn = {0022-1996},
doi = {https://doi.org/10.1016/j.jinteco.2015.01.008},
url = {https://www.sciencedirect.com/science/article/pii/S0022199615000288},
author = {Martin, Julien and Mayneris, Florian},
keywords = {Vertical differentiation, Gravity, Distance, Volatility},
abstract = {We develop a new methodology to identify high-end variety exporters in French firm-level data. We find that they do not export to more countries, but they export to more distant destinations than low-end ones. We also show that in contrast to low-end exporters, distance has almost no effect on high-end variety export(er)s. Because of this lower sensitivity to distance at the micro-level, specializing in the production of high-end varieties has implications for the geography of aggregate exports. Specializing in high-end varieties allows for a greater geographic diversification of aggregate exports – in particular when demand arises from both neighboring and distant countries. It also makes a country better able to benefit from growth in remote destinations.}
}

@TechReport{Fontagne1997,
author={Fontagné, Lionel and Freudenberg, Michaël and Peridy, Nicolas},
title={Trade Patterns Inside the Single Market},
year=1997,
month=April,
institution={CEPII},
type={Working Papers},
url={http://www.cepii.fr/CEPII/en/publications/wp/abstract.asp?NoDoc=56},
number={1997-07},
}

@article{Gaulier2007,
  title={China's emergence and the reorganisation of trade flows in Asia},
  author={Gaulier, Guillaume and Lemoine, Françoise and Ünal-Kesenci, Deniz},
  journal={China Economic Review},
  volume={18},
  number={3},
  pages={209--243},
  year={2007},
  publisher={Elsevier}
}

@TechReport{Fontagne2007,
author={Lionel Fontagné and Guillaume Gaulier and Soledad Zignago},
title={Specialisation across Varieties within Products and North-South Competition},
year=2007,
month=May,
institution={CEPII},
type={Working Papers},
url={http://www.cepii.fr/CEPII/fr/publications/wp/abstract.asp?NoDoc=831},
number={2007-06},
}

@article{Hallak2006,
  title={Product quality and the direction of trade},
  author={Hallak, Juan Carlos},
  journal={Journal of international Economics},
  volume={68},
  number={1},
  pages={238--265},
  year={2006},
  publisher={Elsevier}
}

@TechReport{Berthou2011a,
author={Antoine Berthou and Charlotte Emlinger},
title={The Trade Unit Values Database},
year=2011,
month=April,
institution={CEPII},
type={Working Papers},
url={http://www.cepii.fr/CEPII/en/publications/wp/abstract.asp?NoDoc=3304},
number={2011-10},
}

